@MISC{kaggle_competiton,
TITLE="Apply machine learning techniques to predict customers using data provided by Arvato Financial Solutions",
YEAR="2019",
howpublished = {\url=https://www.kaggle.com/c/udacity-arvato-identify-customers/overview},
type = "Dataset"}
}